@book{Stat_Learning,
    title = {The Elements of Statistical Learning},
    author = {Trevor Hastie, Robert Tibshirani, Jerome Friedman},
    year = {2017},
    publisher = {Springer},
    chapter = {3.4},
    keywords = {Data Mining, Inference, and Prediction}
}


@online{preciosClaros,
    author = {Presidencia de la Nación},
    title = {Portal de precios claros},
    year = {2020},
    url={https://www.preciosclaros.gob.ar}
}

@online{DatosCaba,
    author = {Gobierno de la Ciudad de Buenos Aires},
    title = {Portal de datos abiertos},
    year = {2020},
    url={https://data.buenosaires.gob.ar/}
}

@online{Properati,
    author = {Properati},
    title = {Properati},
    year = {2020},
    url={https://www.properati.com.ar/data/}
}


@online{cotDolar,
    author = {Privado},
    title = {Cotización del Dólar en Argentina},
    year = {2020},
    url={https://www.cotizacion-dolar.com.ar/}
}


@online{indec,
    author = {Gubernamental},
    title = {Instituto Nacional de Estadisticas y Censos},
    year = {2020},
    url={https://www.indec.gob.ar/}
}

@online{barriosGeoJSON,
    author = {Gobierno de la Ciudad de Buenos Aires},
    title = {Barrios (GeoJSON)},
    year = {2020},
    url={https://data.buenosaires.gob.ar/dataset/barrios/archivo/1c3d185b-fdc9-474b-b41b-9bd960a3806e}
}


@online{densidad,
    author = {Gobierno de la Ciudad de Buenos Aires},
    title = {Densidad por comuna},
    year = {2020},
    url={https://www.estadisticaciudad.gob.ar/eyc/?p=56928}
}




@online{modelos,
    author = {Notes for Predictive Modeling},
    title = {Eduardo García Portugués},
    year = {2020},
    url={https://bookdown.org/egarpor/PM-UC3M/glm-deviance.html}
}


@online{repo_mio,
    author = {Chiapella, Ignacio Jose},
    title = {Repositorio de código y datos},
    year = {2021},
    url={https://github.com/naio83/especializacion}
}



################## Librerias R #######################

@online{mongolite,
    title = {Mongolite 2.2.1},
    year = {2020},
    url={https://cran.r-project.org/web/packages/mongolite/index.html}
}


@online{glmnet,
    title = {glmnet: Lasso and Elastic-Net Regularized Generalized Linear Models 4.2-2},
    year = {2020},
    url={https://cran.r-project.org/web/packages/glmnet/index.html}
}


@online{broom,
    title = {broom: Convert Statistical Objects into Tidy Tibbles 0.7.3},
    year = {2020},
    url={https://cran.r-project.org/web/packages/broom/index.html}
}

@online{ggplot2,
    title = {ggplot2: Create Elegant Data Visualisations Using the Grammar of Graphics 3.3.2},
    year = {2020},
    url={https://cran.r-project.org/web/packages/ggplot2/index.html}
}







################### Tools  ######################
@online{mongodb,
    author = {Mongo Database},
    title = {Mongo Database},
    year = {2020},
    url={https://www.mongodb.com/y}
}

@online{R,
    author = {R Foundation for Statistical Computing},
    title = {R: A Language and Environment for Statistical Computing},
    year = {2020},
    url={https://www.r-project.org/}
}

@online{rstudio,
    title = {RStudio 1.2.5001},
    year = {2020},
    url={https://rstudio.com/}
}

@online{latex,
    author = {LaTeX3 Project},
    title = {The LaTeX project},
    year = {2020},
    url={https://www.latex-project.org/}
}

@online{github,
    title = {GitHub},
    year = {2020},
    url={https://github.com/}
}